
% For SR reconstruction
@article{shafqat2016analysis,
  title={An analysis toolbox to explore mesenchymal migration heterogeneity reveals
  adaptive switching between distinct modes},
  author={Shafqat-Abbasi, Hamdah and Kowalewski, Jacob M and others},
  journal={Elife},
  volume={5},
  pages={e11384},
  year={2016},
  publisher={eLife Sciences Publications Limited}
}

@article{masuzzo2016taking,
  title={Taking aim at moving targets in computational cell migration},
  author={Masuzzo, Paola and Van Troys, Marleen and Ampe, Christophe and Martens, Lennart},
  journal={Trends in cell biology},
  volume={26},
  number={2},
  pages={88--110},
  year={2016},
  publisher={Elsevier}
}

@article{gupta2019deep,
  title={Deep learning in image cytometry: a review},
  author={Gupta, Anindya and Harrison, Philip J and others},
  journal={Cytometry Part A},
  volume={95},
  number={4},
  pages={366--380},
  year={2019},
  publisher={Wiley Online Library}
}

@article{zhou2017brief,
  title={A brief introduction to weakly supervised learning},
  author={Zhou, Zhi-Hua},
  journal={National Science Review},
  volume={5},
  number={1},
  pages={44--53},
  year={2017},
  publisher={Oxford University Press}
}

@article{leibig2017leveraging,
  title={Leveraging uncertainty information from deep neural networks for disease detection},
  author={Leibig, Christian and Allken, Vaneeda and others},
  journal={Scientific reports},
  volume={7},
  number={1},
  pages={17816},
  year={2017},
  publisher={Nature Publishing Group}
}
@inproceedings{caicedo2018weakly,
  title={Weakly supervised learning of single-cell feature embeddings},
  author={Caicedo, Juan C and McQuin, Claire and Goodman, Allen and Singh, Shantanu and Carpenter, Anne E},
  booktitle={Proceedings of the IEEE Conference on Computer Vision and Pattern Recognition},
  pages={9309--9318},
  year={2018}
}

@article{nishimoto2019predicting,
  title={Predicting the future direction of cell movement with convolutional neural networks},
  author={Nishimoto, Shori and Tokuoka, Yuta and others},
  journal={PloS one},
  volume={14},
  number={9},
  pages={e0221245},
  year={2019},
  publisher={Public Library of Science San Francisco, CA USA}
}

@article{kwon2020uncertainty,
  title={Uncertainty quantification using Bayesian neural networks in classification: Application to biomedical image segmentation},
  author={Kwon, Yongchan and Won, Joong-Ho and Kim, Beom Joon and Paik, Myunghee Cho},
  journal={Computational Statistics \& Data Analysis},
  volume={142},
  pages={106816},
  year={2020},
  publisher={Elsevier}
}

@inproceedings{gal2016dropout,
  title={Dropout as a bayesian approximation: Representing model uncertainty in deep learning},
  author={Gal, Yarin and Ghahramani, Zoubin},
  booktitle={international conference on machine learning},
  pages={1050--1059},
  year={2016}
}

@inproceedings{kingma2015variational,
  title={Variational dropout and the local reparameterization trick},
  author={Kingma, Durk P and Salimans, Tim and Welling, Max},
  booktitle={Advances in Neural Information Processing Systems},
  pages={2575--2583},
  year={2015}
}

@inproceedings{ding2018weakly,
  title={Weakly-supervised action segmentation with iterative soft boundary assignment},
  author={Ding, Li and Xu, Chenliang},
  booktitle={Proceedings of the IEEE Conference on Computer Vision and Pattern Recognition},
  pages={6508--6516},
  year={2018}
}

@inproceedings{glorot2010,
	title="Understanding the difficulty of training deep feedforward neural networks",
	author="X. Glorot and Y. Bengio",
	booktitle="Thirteenth Int. Conf. on AI and Stats.",
	pages="249--256",
	year="2010"
}

@InProceedings{ioffe2015,
	title="Batch normalization: Accelerating deep network training by reducing internal covariate shift",
	author="S. Ioffe and C. Szegedy",
	booktitle="Int. Conf. on ML",
	pages="448--456",
	year="2015",}

@InProceedings{he2016,
	title="Deep residual learning for image recognition",
	author="K. He and X. Zhang and S. Ren and J. Sun",
	booktitle="IEEE conf. on comp. vis. and patt. recog.",
	pages="770--778",
	year="2016"
}


@misc{chollet2015,
	author = "F. Chollet",
	title = "Keras",
	publisher = "GitHub",
	journal = "GitHub repository",
	howpublished = "https://github.com/fchollet/keras",
	commit = "5bcac37"
}

@incollection{alex,
title = {ImageNet Classification with Deep Convolutional Neural Networks},
author = {A. Krizhevsky and I. Sutskever and G. E. Hinton},
booktitle = {Advances in Neural Info. Proc. Systems 25},
pages = {1097--1105},
year = {2012}}


@inproceedings{huang2017DenseCNN,
	title={Densely Connected Convolutional Networks},
	author={Huang, Gao and Liu, Zhuang and Van Der Maaten, Laurens and Weinberger, Kilian Q},
	booktitle={CVPR},
	volume={1},
	number={2},
	pages={3},
	year={2017}
}

@inproceedings{he2016identity,
  title={Identity mappings in deep residual networks},
  author={He, Kaiming and Zhang, Xiangyu and Ren, Shaoqing and Sun, Jian},
  booktitle={European conference on computer vision},
  pages={630--645},
  year={2016},
  organization={Springer}
}
